@comment{x-kbibtex-encoding=utf-8}

@comment{x-kbibtex-personnameformatting=<%l><, %f>}

@manual{cudaPG,
	address = "\url{https://docs.nvidia.com/cuda/cuda-c-programming-guide/index.html}",
	organization = "Nvidia Corporation",
	title = "{CUDA Programming Guide}"
}

@manual{cudaRTAPI,
	address = "\url{https://docs.nvidia.com/cuda/cuda-runtime-api/group\_\_CUDART\_\_EVENT.html}",
	organization = "Nvidia Corporation",
	title = "{CUDA Runtime API}"
}

@manual{cudaNVCC,
	address = "\url{https://docs.nvidia.com/cuda/cuda-compiler-driver-nvcc/index.html}",
	organization = "Nvidia Corporation",
	title = "{NVCC Reference Guide}"
}

@manual{cudaMath,
	address = "\url{https://docs.nvidia.com/cuda/cuda-math-api/index.html}",
	organization = "Nvidia Corporation",
	title = "{CUDA Math API}"
}

@manual{oclRC,
	address = "\url{https://www.khronos.org/files/opencl20-quick-reference-card.pdf}",
	organization = "Khronos OpenCL Working Group",
	title = "{OpenCL 2.0 Reference Guide}"
}

@manual{uml,
	address = "\url{https://www.uml.org/}",
	organization = "Object Managment Group",
	title = "{Unified Modelling Language}"
}

@manual{oclC++API,
	address = "\url{https://www.khronos.org/registry/OpenCL/specs/opencl-cplusplus-1.2.pdf}",
	author = "Gaster, Benedict R. and Howes, Lee",
	organization = "Khronos OpenCL Working Group",
	title = "{The OpenCL C++ Wrapper API}"
}

@manual{oclC++Spec,
	address = "\url{https://www.khronos.org/ registry/OpenCL/specs/2.2/pdf/OpenCL\_Cxx.pdf}",
	organization = "Khronos OpenCL Working Group",
	title = "{The OpenCL C++ 1.0 Specification}"
}

@article{FFTW05,
	author = "Frigo, Matteo and Johnson, Steven~G.",
	journal = "Proceedings of the IEEE",
	note = "Special issue on “Program Generation, Optimization, and Platform Adaptation”",
	number = 2,
	pages = "216–231",
	title = "{The Design and Implementation of {FFTW3}}",
	volume = 93,
	year = 2005
}

@manual{fftwDoc,
	address = "\url{http://www.fftw.org/fftw3.pdf}",
	author = "Frigo, Matteo and Johnson, Steven G.",
	title = "{FFTW}"
}

@manual{cufftDoc,
	address = "\url{https://docs.nvidia.com/cuda/cufft/index.html}",
	organization = "Nvidia Corporation",
	title = "{CUFFT Library User's Guide}"
}

@manual{thrustQSG,
	address = "\url{https://docs.nvidia.com/cuda/thrust/index.html}",
	title = "{THRUST Quick Start Guide}"
}

@manual{thrustDoc,
	address = "\url{https://thrust.github.io/}",
	organization = "Nvidia Corporation",
	title = "{THRUST Documentation}"
}

@manual{clfftDoc,
	address = "\url{http://clmathlibraries.github.io/clFFT/}",
	organization = "Khronos OpenCL Working Group",
	title = "{clFFT Documentation}"
}

@manual{curandDoc,
	address = "\url{https://docs.nvidia.com/cuda/curand/}",
	series = "{CURAND Library}",
	title = "{Programming Guide}"
}

@misc{wikiFFT,
	address = "\url{https://de.wikipedia.org/wiki/Schnelle\_Fourier-Transformation}",
	organization = "de.wikipedia.org",
	title = "{Schnelle Fourier-Transformation}"
}

@misc{wikiRLM,
	address = "\url{https://en.wikipedia.org/wiki/Roofline\_model}",
	organization = "en.wikipedia.org",
	title = "{Roofline model}"
}

@misc{wikiFT,
	address = "\url{https://de.wikipedia.org/wiki/Flynnsche\_Klassifikation}",
	organization = "de.wikipedia.org",
	title = "{Flynnsche Klassifikation}"
}

@misc{wikiAmdahl,
	address = "\url{https://de.wikipedia.org/wiki/Amdahlsches\_Gesetz}",
	organization = "de.wikipedia.org",
	title = "{Amdahlsches Gesetz}"
}

@proceedings{carch,
	author = "Pleiter, Dirk",
	title = "{Computer Architectures for Scientific Applications (II)}",
	year = "2014"
}

@manual{cublasDoc,
	address = "\url{https://docs.nvidia.com/cuda/cublas/index.html}",
	organization = "Nvidia Corporation",
	series = "{CUBLAS Library}",
	title = "{User Guide}"
}

@manual{clblasDoc,
	address = "\url{http://clmathlibraries.github.io/clBLAS/}",
	organization = "Khronos OpenCL Working Group",
	title = "{CLBLAS Documentation}"
}

@manual{para,
	address = "\url{https://www.paralution.com/downloads/paralution-um.pdf}",
	author = "Lukarski, Dimitar and Trost, Nico",
	title = "{Paralution User Manual}"
}

@manual{amgx,
	address = "\url{https://github.com/NVIDIA/AMGX/blob/master/doc/AMGX\_Reference.pdf}",
	organization = "Nvidia Corporation",
	title = "{AmgX Reference Manual}"
}

@manual{sdaccel,
	address = "\url{https://www.xilinx.com/support/documentation/sw\_manuals/xilinx2019\_1/ug1023-sdaccel-user-guide.pdf}",
	organization = "Xilinx",
	title = "{SDAccel Environment User Guide}"
}

@manual{pragma,
	address = "\url{https://www.xilinx.com/support/documentation/sw\_manuals/xilinx2019\_1/ug1253-sdx-pragma-reference.pdf}",
	organization = "Xilinx",
	title = "{SDx Pragma Reference Guide}"
}

@manual{xocc,
	address = "\url{https://www.xilinx.com/support/documentation/sw\_manuals/xilinx2018\_3/ug1279-sdx-command-utility-reference-guide.pdf}",
	organization = "Xilinx",
	title = "{SDx Command and Utility Reference Guide}"
}

@techreport{alveo,
	address = "\url{https://www.xilinx.com/support/documentation/selection-guides/alveo-product-selection-guide.pdf}",
	organization = "Xilinx",
	series = "{Data Center Accelerator Cards}",
	title = "{Product Selection Guide}"
}

@manual{hls,
	address = "\url{https://www.xilinx.com/support/documentation/sw\_manuals/xilinx2019\_1/ug902-vivado-high-level-synthesis.pdf}",
	organization = "Xilinx",
	series = "{High-Level Synthesis}",
	title = "{Vivado Design Suite User Guide}"
}

@manual{cudnnDoc,
	address = "https://docs.nvidia.com/deeplearning/sdk/cudnn-developer-guide/index.html",
	organization = "Nvidia Corporation",
	title = "{CUDNN Developer Guide}"
}

@misc{wikiML,
	address = "https://de.wikipedia.org/wiki/Maschinelles\_Lernen",
	organization = "de.wikipedia.org",
	title = "{Maschinelles Lernen}"
}

@manual{trtDoc,
	address = "\url{https://docs.nvidia.com/deeplearning/sdk/tensorrt-developer-guide/index.html}",
	organization = "Nvidia Corporation",
	title = "{TensorRT Developer Guide}"
}

@manual{trtSmpl,
	address = "\url{https://docs.nvidia.com/deeplearning/sdk/tensorrt-sample-support-guide/index.html}",
	organization = "Nvidia Corporation",
	series = "{Support Guide}",
	title = "{TensorRT Samples}"
}

@manual{tfDoc,
	address = "https://www.tensorflow.org/api\_docs/python/tf",
	organization = "Google",
	title = "{Tensorflow Python API}"
}

@manual{kerasDoc,
	address = "https://www.tensorflow.org/guide/keras",
	organization = "Google",
	title = "{Keras Guide}"
}

@manual{tftrtDoc,
	address = "https://docs.nvidia.com/deeplearning/frameworks/tf-trt-user-guide/index.html",
	organization = "Nvidia Corporation",
	series = "{User Guide}",
	title = "{Accelerating Inference in Tensorflow eith TensorRT (TF- TRT)}"
}

